@inproceedings{herlihy2018atomic,
  title={Atomic cross-chain swaps},
  author={Herlihy, Maurice},
  booktitle={Proceedings of the 2018 ACM symposium on principles of distributed computing},
  pages={245--254},
  year={2018}
}

@article{gudgeon2019sok,
  title={SoK: Off The Chain Transactions.},
  author={Gudgeon, Lewis and Moreno-Sanchez, Pedro and Roos, Stefanie and McCorry, Patrick and Gervais, Arthur},
  journal={IACR Cryptol. ePrint Arch.},
  volume={2019},
  pages={360},
  year={2019}
}

@article{tsabary2020mad,
  title={MAD-HTLC: because HTLC is crazy-cheap to attack},
  author={Tsabary, Itay and Yechieli, Matan and Eyal, Ittay},
  journal={arXiv preprint arXiv:2006.12031},
  year={2020}
}

@inproceedings{han2019optionality,
	title={On the optionality and fairness of Atomic Swaps},
	author={Han, Runchao and Lin, Haoyu and Yu, Jiangshan},
	booktitle={Proceedings of the 1st ACM Conference on Advances in Financial Technologies},
	pages={62--75},
	year={2019}
}

@article{de2021xchange,
	title={XChange: A Universal Mechanism for Asset Exchange between Permissioned Blockchains},
	author={de Vos, Martijn and Ileri, Can Umut and Pouwelse, Johan},
	journal={World Wide Web},
	pages={1--38},
	year={2021},
	publisher={Springer}
}

@online{bisq,
	author = {Bisq},
	title = {Bisq - The P2P Exchange Network},
	year = 2018,
	url = {https://bisq.network},
}

@inproceedings{douceur2002sybil,
	title={The sybil attack},
	author={Douceur, John R},
	booktitle={International workshop on peer-to-peer systems},
	pages={251--260},
	year={2002},
	organization={Springer}
}